<record><leader>00000cas a22000007a 4500</leader><controlfield tag="001">9311124</controlfield><controlfield tag="008">830315d18341836mauwr ne      0    0eng d</controlfield><datafield ind1=" " ind2=" " tag="010"><subfield code="a">sn 83020255 </subfield></datafield><datafield ind1=" " ind2=" " tag="040"><subfield code="a">NPX</subfield><subfield code="b">eng</subfield><subfield code="c">NPX</subfield><subfield code="d">DLC</subfield><subfield code="d">OCLCQ</subfield><subfield code="d">OCLCG</subfield><subfield code="d">OCLCQ</subfield></datafield><datafield ind1=" " ind2=" " tag="042"><subfield code="a">msc</subfield></datafield><datafield ind1=" " ind2=" " tag="043"><subfield code="a">n-us-ma</subfield></datafield><datafield ind1="0" ind2="0" tag="245"><subfield code="a">Worcester County courier.</subfield></datafield><datafield ind1=" " ind2=" " tag="260"><subfield code="a">Fitchburg [Mass.] :</subfield><subfield code="b">W. &amp; R.C. Torrey</subfield></datafield><datafield ind1=" " ind2=" " tag="300"><subfield code="a">v. ;</subfield><subfield code="c">55 cm.</subfield></datafield><datafield ind1=" " ind2=" " tag="310"><subfield code="a">Weekly</subfield></datafield><datafield ind1="0" ind2=" " tag="362"><subfield code="a">-v. 2, no. 52 (June 28, 1836).</subfield></datafield><datafield ind1="1" ind2=" " tag="362"><subfield code="a">Began in May 1834.</subfield><subfield code="z">Cf. Garfield, J.F.D. Sketch of journalism in Fitchburg, Mass.</subfield></datafield><datafield ind1=" " ind2=" " tag="500"><subfield code="a">Published on Tuesday morning.</subfield></datafield><datafield ind1=" " ind2=" " tag="500"><subfield code="a">Publisher: George D. Farwell, &lt;June 28, 1836&gt;.</subfield></datafield><datafield ind1=" " ind2=" " tag="500"><subfield code="a">"Whig." Cf. Garfield, J.F.D. Sketch of journalism in Fitchburg, Mass.</subfield></datafield><datafield ind1=" " ind2=" " tag="500"><subfield code="a">Editors: W. &amp; R.C. Torrey, &lt;1834&gt;.</subfield></datafield><datafield ind1=" " ind2=" " tag="588"><subfield code="a">Description based on: Vol. 1, no. 9 (July 15, 1834).</subfield></datafield><datafield ind1="1" ind2=" " tag="700"><subfield code="a">Torrey, W.</subfield></datafield><datafield ind1="1" ind2=" " tag="700"><subfield code="a">Torrey, Rufus C.</subfield><subfield code="q">(Rufus Campbell),</subfield><subfield code="d">1813?-1882.</subfield></datafield><datafield ind1=" " ind2=" " tag="752"><subfield code="a">United States</subfield><subfield code="b">Massachusetts</subfield><subfield code="c">Worcester</subfield><subfield code="d">Fitchburg.</subfield></datafield><datafield ind1="0" ind2="0" tag="785"><subfield code="t">Fitchburg Worcester County courier</subfield><subfield code="w">(DLC)sn 83020254</subfield></datafield></record>